<?xml version="1.0" encoding="utf-8"?>
<record xmlns="http://www.loc.gov/MARC21/slim" xmlns:xsi="http://www.w3.org/2001/XMLSchema-instance" xsi:schemaLocation="http://www.loc.gov/MARC21/slim http://www.loc.gov/standards/marcxml/schema/MARC21slim.xsd">
	<leader>     nam a22     Mi 4500</leader>
	<controlfield tag="001">b23861344</controlfield>
	<controlfield tag="003">UaCaAUL</controlfield>
	<controlfield tag="006">m        d        </controlfield>
	<controlfield tag="007">cr cn |||m|||a</controlfield>
	<controlfield tag="008">190222m19001901ua      o     000 0 ara d</controlfield>
	<datafield ind1=" " ind2=" " tag="040">
		<subfield code="a">ZYU</subfield>
		<subfield code="b">ara</subfield>
		<subfield code="e">rda</subfield>
		<subfield code="c">ZYU</subfield>
	</datafield>
	<datafield ind1=" " ind2=" " tag="043">
		<subfield code="a">a-le---</subfield>
	</datafield>
	<datafield ind1=" " ind2="4" tag="050">
		<subfield code="a">DS80.9</subfield>
		<subfield code="b">.H39 1900</subfield>
	</datafield>
	<datafield ind1="1" ind2=" " tag="100">
		<subfield code="6">880-01</subfield>
		<subfield code="a">Ḥaydar Aḥmad al-Shihābī, Amīr,</subfield>
		<subfield code="d">1761?-1835.</subfield>
	</datafield>
	<datafield ind1="1" ind2="0" tag="240">
		<subfield code="6">880-02</subfield>
		<subfield code="a">Ghurar al-ḥisān fī akhbār abnāʼ al-zmān</subfield>
	</datafield>
	<datafield ind1="1" ind2="0" tag="245">
		<subfield code="6">880-03</subfield>
		<subfield code="a">Kitāb Tārīkh al-Amīr Ḥaydar Aḥmad al-Shihābī /</subfield>
		<subfield code="c">wa-qad uḍīfat ilayhi ḥawāshī wa-iḍāfāt ʻadīdah bi-qalam multazim ṭabʻihi Naʻūm Mughabghab B. ʻA.</subfield>
	</datafield>
	<datafield ind1="3" ind2="0" tag="246">
		<subfield code="6">880-04</subfield>
		<subfield code="a">Tārīkh al-Amīr Ḥaydar Aḥmad al-Shihābī</subfield>
	</datafield>
	<datafield ind1="3" ind2="3" tag="246">
		<subfield code="6">880-05</subfield>
		<subfield code="a">Ghurar al-ḥisān fī tawārīkh ḥawādith al-azmān</subfield>
	</datafield>
	<datafield ind1="3" ind2="3" tag="246">
		<subfield code="6">880-06</subfield>
		<subfield code="a">Kitāb al-Ghurar al-ḥisān fī tawārīkh ḥawādith al-azmān</subfield>
	</datafield>
	<datafield ind1=" " ind2="1" tag="264">
		<subfield code="6">880-07</subfield>
		<subfield code="a">Miṣr :</subfield>
		<subfield code="b">Ṭubiʻ bi-Maṭbaʻat al-Salām bi-Miṣr,</subfield>
		<subfield code="c">1900-1901.</subfield>
	</datafield>
	<datafield ind1=" " ind2=" " tag="300">
		<subfield code="a">online resource (3 volumes in 1 (1052 pages))</subfield>
	</datafield>
	<datafield ind1=" " ind2=" " tag="336">
		<subfield code="a">text</subfield>
		<subfield code="2">rdacontent</subfield>
	</datafield>
	<datafield ind1=" " ind2=" " tag="337">
		<subfield code="a">computer</subfield>
		<subfield code="2">rdamedia</subfield>
	</datafield>
	<datafield ind1=" " ind2=" " tag="338">
		<subfield code="a">online resource</subfield>
		<subfield code="2">rdacarrier</subfield>
	</datafield>
	<datafield ind1=" " ind2=" " tag="500">
		<subfield code="6">880-08</subfield>
		<subfield code="a">&quot;(Tanbīh) inna tārīkh salāṭīn Āl ʻUthmān yastamir fī hādhā al-juzʼ kamā sabaq wa-lakinnahu yabtadī bi-taqsīm jadīd li-ajl suhūlat al-murājaʻah fī ḥukm Lubnān.&quot;--Page 747.</subfield>
	</datafield>
	<datafield ind1=" " ind2=" " tag="500">
		<subfield code="6">880-09</subfield>
		<subfield code="a">Ḥuqūq al-ṭabʻ maḥfūẓah.</subfield>
	</datafield>
	<datafield ind1=" " ind2=" " tag="500">
		<subfield code="a">Part of the Arabic Collections Online (ACO) project, contributed by American University in Cairo Library.</subfield>
	</datafield>
	<datafield ind1="0" ind2=" " tag="505">
		<subfield code="6">880-10</subfield>
		<subfield code="a">al-Juzʼ al-awwal.  Kitāb al-Ghurar al-ḥisān fī tawārīkh ḥawādith al-azmān : wa-huwa yataḍammanu tārīkh alf wa-miʼah wa-ithnayn wa-sittīn sanah min mawlid al-Nabī, ṣallá Allāh ʻalayhi wa-sallam, ilá mawt al-Amīr Aḥmad al-Maʻnī -- al-Juzʼ al-thānī. al-musammá Kitāb Nuzʹhat al-zamān fī tārīkh jabal Lubnān : wa-huwa yataḍammanu wilāyat al-umarāʼ al-Shihābīyīn ʻalá jabal Lubnān mubtadiʼan min wafāt al-amīr Aḥmad al-Maʻnī wa-intiqāl al-ḥukm lil-Shihābīyīn ilá wilāyat al-Amīr Bashīr ʻUmar al-kabīr wa-huwa yashtamil ʻalá tārīkh 106 sinīn min sanat 1110 H.-1216 H. -- al-Juzʼ al-thālith. al-musammá al-Rawḍ al-naḍīr fī wilāyat al-Amīr Bashīr Qāsim al-kabīr wa-aʻmāluhu ḥattá mawtih wa-huwa yashtamil ʻalá tārīkh 28 sanah min sanat 1227 H. ilá sanat 1267.</subfield>
	</datafield>
	<datafield ind1=" " ind2=" " tag="533">
		<subfield code="a">Electronic reproduction.</subfield>
		<subfield code="b">New York, N.Y. :</subfield>
		<subfield code="c">New York University,</subfield>
		<subfield code="d">2019.</subfield>
		<subfield code="5">NNU</subfield>
	</datafield>
	<datafield ind1=" " ind2="0" tag="651">
		<subfield code="a">Lebanon</subfield>
		<subfield code="x">History.</subfield>
	</datafield>
	<datafield ind1=" " ind2="7" tag="651">
		<subfield code="a">Lebanon.</subfield>
		<subfield code="2">fast</subfield>
		<subfield code="0">(OCoLC)fst01206063</subfield>
	</datafield>
	<datafield ind1=" " ind2="7" tag="655">
		<subfield code="a">History.</subfield>
		<subfield code="2">fast</subfield>
		<subfield code="0">(OCoLC)fst01411628</subfield>
	</datafield>
	<datafield ind1="1" ind2=" " tag="700">
		<subfield code="6">880-11</subfield>
		<subfield code="a">Mughabghab, Naʻūm.</subfield>
	</datafield>
	<datafield ind1="2" ind2=" " tag="710">
		<subfield code="a">American University in Cairo.</subfield>
		<subfield code="b">Library.</subfield>
	</datafield>
	<datafield ind1="0" ind2=" " tag="730">
		<subfield code="a">Arabic Collections Online.</subfield>
	</datafield>
	<datafield ind1="0" ind2="8" tag="776">
		<subfield code="i">Online version:</subfield>
		<subfield code="a">Ḥaydar Aḥmad al-Shihābī, Amīr, 1761?-1835?</subfield>
		<subfield code="s">Ghurar al-ḥisān fī akhbār abnāʼ al-zmān.</subfield>
		<subfield code="t">Kitāb Tārīkh al-Amīr Ḥaydar Aḥmad al-Shihābī.</subfield>
		<subfield code="d">Miṣr : Maṭbaʻat al-Salām, 1900-1901</subfield>
		<subfield code="w">(OCoLC)809471720</subfield>
	</datafield>
	<datafield ind1="0" ind2="8" tag="776">
		<subfield code="i">Print version:</subfield>
		<subfield code="a">Ḥaydar Aḥmad al-Shihābī, Amīr, 1761?-1835.</subfield>
		<subfield code="t">Kitāb Tārīkh al-Amīr Ḥaydar Aḥmad al-Shihābī</subfield>
		<subfield code="w">(UaCaAUL)b23861344</subfield>
		<subfield code="w">(OCoLC)70801467</subfield>
	</datafield>
	<datafield ind1="4" ind2="0" tag="856">
		<subfield code="u">http://hdl.handle.net/2333.1/n8pk0x5d</subfield>
	</datafield>
	<datafield ind1="1" ind2=" " tag="880">
		<subfield code="6">100-01</subfield>
		<subfield code="a">حيدر احمد الشهابي، امير،</subfield>
		<subfield code="d">1761؟-1835؟</subfield>
	</datafield>
	<datafield ind1="1" ind2="0" tag="880">
		<subfield code="6">240-02</subfield>
		<subfield code="a">غرر الحسان في اخبار ابناء الزمان</subfield>
	</datafield>
	<datafield ind1="1" ind2="0" tag="880">
		<subfield code="6">245-03</subfield>
		<subfield code="a">كتاب تاريخ الامير حيدر احمد الشهابي /</subfield>
		<subfield code="c">وقد اضيفت اليه حواشي واضافات عديدة بقلم ملتزم طبعه نعوم مغبغب ب. ع.</subfield>
	</datafield>
	<datafield ind1="3" ind2="0" tag="880">
		<subfield code="6">246-04</subfield>
		<subfield code="a">تاريخ الامير حيدر احمد الشهابي</subfield>
	</datafield>
	<datafield ind1="3" ind2="3" tag="880">
		<subfield code="6">246-05</subfield>
		<subfield code="a">غرر الحسان في تواريخ حوادث الازمان</subfield>
	</datafield>
	<datafield ind1="3" ind2="3" tag="880">
		<subfield code="6">246-06</subfield>
		<subfield code="a">كتاب الغرر الحسان في تواريخ حوادث الازمان</subfield>
	</datafield>
	<datafield ind1=" " ind2="1" tag="880">
		<subfield code="6">264-07</subfield>
		<subfield code="a">مصر :</subfield>
		<subfield code="b">طبع بمطبعة السلام بمصر،</subfield>
		<subfield code="c">19001901.</subfield>
	</datafield>
	<datafield ind1=" " ind2=" " tag="880">
		<subfield code="6">500-08</subfield>
		<subfield code="a">&quot;(تنبيه) ان تاريخ سلاطين آل عثمان يستمر في هذا الجزء كما سبق ولكنه يبتدي بتقسيم جديد لاجل سهولة المراجعة في حكم لبنان.&quot;--Page 747.</subfield>
	</datafield>
	<datafield ind1=" " ind2=" " tag="880">
		<subfield code="6">500-09</subfield>
		<subfield code="a">حقوق الطبع محفوظة.</subfield>
	</datafield>
	<datafield ind1="0" ind2=" " tag="880">
		<subfield code="6">505-10</subfield>
		<subfield code="a">الجزء الاول.  كتاب الغرر الحسان في تواريخ حوادث الازمان : وهو يتضمن تاريخ الف ومائة واثنين وستين سنة من مولد النبي، صلى الله عليه وسلم، الى موت الامير احمد المعني -- الجزء الثاني. المسمى كتاب نزهة الزمان في تاريخ جبل لبنان : وهو يتضمن ولاية الامراء الشهابيين على جبل لبنان مبتدئا من وفات الامير احمد المعني وانتقال الحكم للشهابيين الى ولاية الامير بشير عمر الكبير وهو يشتمل على تاريخ 106 سنين من سنة 1110 ه.-1216 ه. -- الجزء الثالث. المسمى الروض النضير في ولاية الامير بشير قاسم الكبير واعماله حتى موته : وهو يشتمل على تاريخ 28 سنة من سنة 1227 ه. الى سنة 1267.</subfield>
	</datafield>
	<datafield ind1="1" ind2=" " tag="880">
		<subfield code="6">700-11</subfield>
		<subfield code="a">مغبغب، نعوم.</subfield>
	</datafield>
	<datafield ind1=" " ind2=" " tag="959">
		<subfield code="a">NNU</subfield>
		<subfield code="b">WEB</subfield>
		<subfield code="c">GENI</subfield>
		<subfield code="t">0</subfield>
		<subfield code="m">Electronic access</subfield>
		<subfield code="s">01</subfield>
	</datafield>
	<datafield ind1=" " ind2=" " tag="999">
		<subfield code="i">UaCaAUL_b23861344</subfield>
		<subfield code="o">(OCoLC)ocm70801467 </subfield>
		<subfield code="s">auc_aco000510:3 v. in 1</subfield>
	</datafield>
</record>
